
@online{Anwendungsbereiche,
  title = {Anwendungsbereiche},
  url = {https://www.equinor.de/anwendungsbereiche},
  urldate = {2022-05-28},
  abstract = {Erdgas ist das Multitalent unter den Energieträgern. In nahezu jedem Bereich ist der Brennstoff einsetzbar – bei der Wärme- und Stromerzeugung, aber auch im Verkehrssektor.},
  langid = {german},
  file = {C\:\\Users\\David\\Zotero\\storage\\923LTVQE\\anwendungsbereiche.html}
}

@online{balserOlUndGas,
  title = {Öl- und Gas aus Russland: Deutschland zahlt 2022 wohl Rekordsummen},
  shorttitle = {Öl- und Gas aus Russland},
  author = {Balser, Markus},
  url = {https://www.sueddeutsche.de/wirtschaft/russland-krieg-ukraine-oel-gas-1.5568092},
  urldate = {2022-05-28},
  abstract = {Profitiert der Kreml vom Krieg? Einer Studie von Greenpeace zufolge fließen 2022 bis zu 32 Milliarden Euro für Öl und Gas aus Russland.},
  langid = {german},
  organization = {{Süddeutsche.de}},
  file = {C\:\\Users\\David\\Zotero\\storage\\RY2HD5X8\\russland-krieg-ukraine-oel-gas-1.html}
}

@online{EnergieWofurErdgas,
  title = {Energie: Wofür Erdgas in Deutschland gebraucht wird},
  shorttitle = {Energie},
  url = {https://www.handelsblatt.com/politik/deutschland/energie-wofuer-erdgas-in-deutschland-gebraucht-wird/28138366.html},
  urldate = {2022-05-28},
  abstract = {Fast kein anderes Land ist so abhängig von russischem Gas wie Deutschland. Auch weil hierzulande noch sehr viel Gas verbraucht wird. Aber wofür eigentlich?},
  langid = {german},
  file = {C\:\\Users\\David\\Zotero\\storage\\JYA33JBJ\\28138366.html}
}

@inreference{SanktionenGegenRussland2022,
  title = {Sanktionen gegen Russland seit dem Überfall auf die Ukraine},
  booktitle = {Wikipedia},
  date = {2022-05-28T11:25:51Z},
  url = {https://de.wikipedia.org/w/index.php?title=Sanktionen_gegen_Russland_seit_dem_%C3%9Cberfall_auf_die_Ukraine&oldid=223231088},
  urldate = {2022-05-28},
  abstract = {Die seit Februar 2022 erlassenen Sanktionen gegen Russland infolge des Überfalls auf die Ukraine verschärfen die bestehenden Sanktionen seit 2014 gegen Russland. Die Sanktionen betreffen auch die Krim als offiziell ukrainischen Landesteil, der von Russland annektiert wurde, sowie die zwei von Russland als unabhängig anerkannten selbsternannten Volksrepubliken Lugansk und Donezk. Die Sanktionen von 2014 waren aufgrund russischer Militäraktionen in der Ukraine und insbesondere der Annexion der Krim verhängt worden. Ein Ziel der Sanktionen ist es, die russische Wirtschaft zu schwächen, um damit die wirtschaftlichen Kosten des Krieges für Russland zu erhöhen. Dazu soll das Land großteils vom internationalen Finanzsystem abgeschnitten werden, so dass Russland seine großen Devisenreserven nicht nutzen kann. Eine Folge der Maßnahmen war ein entsprechender temporärer Fall der russischen Währung, des Rubels. Die US-amerikanischen Ratingagenturen Standard \& Poor’s, Fitch und Moody’s stuften die russische Wirtschaft entsprechend mehrmals herab. Beinahe 1000 Unternehmen aus der ganzen Welt haben, Stand 16. Mai 2022, ihre Geschäftsaktivitäten in Russland reduziert oder beendet.Weitere Ziele sind, den Konflikt spürbar zu machen sowohl für die russische Bevölkerung, als auch gezielt für Schlüsselpersonen und deren Familienangehörige, die dem Regime um Wladimir Putin nahe stehen, um auch auf diesem Weg den Druck auf das Regime zu erhöhen. Dies soll durch ein EU-Einreiseverbot sowie Einschränkungen in den Bereichen Import, internationaler Flugverkehr o. ä. geschehen. Die Vermögenswerte sanktionierter Oligarchen in Deutschland zu identifizieren bereitet noch Schwierigkeiten, da die Eigentümer von Flugzeugen, Luxusjachten oder Immobilien sich regelmäßig hinter Unternehmenskonstruktionen verstecken, die mehrere Briefkastenfirmen beinhalten, die in unterschiedlichen Steueroasen registriert sind. Das Netzwerk Organized Crime and Corruption Reporting Project (OCCRP) veröffentlicht seine Informationen zu mutmaßlichen und abgeschlossenen Fällen von Korruption und organisierter Kriminalität über die eigene Website auf Englisch und Russisch. Die Panama Papers, die Paradise Papers sowie die Pandora Papers belegen, dass russische Oligarchen aus Putins Umfeld ihr tatsächliches Vermögen verschleiert haben. Deutsche Finanzbehörden sind jedoch im Besitz mehrerer Steuer-CDs.Bis Ende April 2022 sind etwa 400 russische Diplomaten aus ihren jeweiligen Einsatzländern ausgewiesen worden.},
  langid = {german},
  keywords = {Russland,Sanktion},
  annotation = {Page Version ID: 223231088},
  file = {C\:\\Users\\David\\Zotero\\storage\\W7TG336W\\index.html}
}

@online{SMARDHoherEEAnteil,
  title = {{{SMARD}} | {{Hoher EE-Anteil}} an Der {{Stromerzeugung}}},
  url = {https://www.smard.de/page/home/topic-article/444/207508},
  urldate = {2022-05-28},
  file = {C\:\\Users\\David\\Zotero\\storage\\T9RXBKR7\\207508.html}
}

@online{wdraktuellFAQWasGasLieferstopp,
  title = {FAQ: Was ein Gas-Lieferstopp für Deutschland bedeuten könnte},
  shorttitle = {FAQ},
  author = {{WDR Aktuell}},
  url = {https://www.tagesschau.de/wirtschaft/weltwirtschaft/gas-stopp-faq-101.html},
  urldate = {2022-05-28},
  abstract = {Welche Folgen hat der Gas-Lieferstopp für Polen und Bulgarien hierzulande? Ist die Versorgung gesichert? Und was passiert, wenn Russland auch Lieferungen nach Deutschland einstellt? Die wichtigsten Fragen und Antworten.},
  langid = {german},
  organization = {{tagesschau.de}},
  file = {C\:\\Users\\David\\Zotero\\storage\\WZRQR6I6\\gas-stopp-faq-101.html}
}


