%! Author = David
%! Date = 26.05.2022

@www{asdf,
    author = {https://schach.ksv21.d e/p  rotokolle/ sadf24.05.2022/#entw icklung},
    title = {title},
    date = {date},
    url = {url},
}


@online{ukr,
    title = {Russischer Überfall auf die Ukraine 2022},
    url = {https://de.wikipedia.org/wiki/Russischer_%C3%9Cberfall_auf_die_Ukraine_2022},
}

@book{octagon,
    author = {Octagon Collaboration},
    title = {The Glorious Octagon of Destiny},
    date = {2019},
}

@misc{ sanktion,
    author = "Wikipedia",
    title = "Sanktionen gegen Russland seit dem Überfall auf die Ukraine --- Wikipedia{,} die freie Enzyklopädie",
    year = "2022",
    url = "https://de.wikipedia.org/w/index.php?title=Sanktionen_gegen_Russland_seit_dem_%C3%9Cberfall_auf_die_Ukraine&oldid=223180406",
    note = "[Online; Stand 26. Mai 2022]"
}